http://users.jyu.fi/~lehtonen/texopas/texdoc/bibtexcheat.pdf

@article{Nameyyyy,
    author = {Robrecht and Harrie and Lotte},
    journal = {Journal},
    month = jan,
    number = {1},
    pages = {1--5},
    title = {{Totally bitching paper}},
    volume = {1},
    year = {2013}
}

