@article{zhou2011web,
  title={Web clustering based on tag set similarity},
  author={Zhou, Jingli and Nie, Xuejun and Qin, Leihua and Zhu, Jianfeng},
  journal={Journal of computers},
  volume={6},
  number={1},
  pages={59--66},
  year={2011}
}
